% This file was created with JabRef 2.10.
% Encoding: Cp1251


@Article{loxodr0,
  Title                    = {Loxodromes: A Rhumb Way to Go},
  Author                   = {Alexander, J.},
  Journal                  = {Mathematics Magazine},
  Year                     = {2004},

  Month                    = {December},
  Number                   = {5},
  Pages                    = {349-356},
  Volume                   = {77},

  Owner                    = {Сергей},
  Timestamp                = {2015.05.28}
}

@Article{loxodr1,
  Title                    = {Differential equation of a loxodrome on the spheroid},
  Author                   = {Petrovic, M.},
  Journal                  = {NASE MORE},
  Year                     = {2007},
  Pages                    = {87-89},

  Owner                    = {Сергей},
  Timestamp                = {2015.05.28}
}

@Book{python,
  Title                    = {An intriduction to Python},
  Author                   = {Rossum, G.},
  Editor                   = {Drake, F.},
  Publisher                = {Network Theory ltd},
  Year                     = {2003},

  Owner                    = {Сергей},
  Timestamp                = {2015.05.28}
}

@Article{stewart0,
  Title                    = {A Platform with Six Degrees of Freedom},
  Author                   = {Stewart, D.},
  Journal                  = {UK Institution of Mechanical Engineers Proceedings},
  Year                     = {1965},
  Number                   = {15},
  Volume                   = {180},

  Owner                    = {Сергей},
  Timestamp                = {2015.05.28}
}

@Book{python2,
  Title                    = {Matplotlib for Python Developers},
  Author                   = {Tosi, S.},
  Publisher                = {Packt Publishing},
  Year                     = {2009},

  Owner                    = {Сергей},
  Timestamp                = {2015.05.28}
}

@Article{stewart1,
  Title                    = {Управление платформой Стьюарта с шестью степенями свободы на базе пневмоприводов},
  Author                   = {Андриевский, Б. Р. and Зегжда, С. А. and Казунин, Д. В.},
  Journal                  = {XII Всероссийское совещание по проблемам управления},
  Year                     = {2014},

  Month                    = {16-19 июня},
  Pages                    = {4},
  language		 = {russian},
  Owner                    = {Сергей},
  Timestamp                = {2015.05.28}
}

@Electronic{addit,
  Title                    = {Аддитивные технологии и изделия из металла},
  Author                   = {Довбыш, В. М. and Забеднов, П. В. and Зленко, М. А.},
  Language                 = {russian},
  Organization             = {НАМИ},
  Url                      = {www.ipmd.net},
  Year                     = {2012},
  language		 = {russian},
  Owner                    = {Сергей},
  Timestamp                = {2015.05.28}
}

@Article{fdm_print,
  Title                    = {Моделирование методом послойного наплавления},
  Author                   = {Григорий Алексеевич Одарченко},
  Journal                  = {3D Today},
  Year                     = {2013},
  language		 = {russian},
  Pages                    = {4}
}

@Book{3dprint,
  Title                    = {Доступная 3D печать для науки, образования и устойчивого развития; Пер. с англ.},
  Editor                   = {Fonda, C. and Canessa, E. and Sennaro, M.},
  Publisher                = {The Abdus Salam International Centre for Theoretical Physics},
  Year                     = {2013},
  Volume                   = {1},
  language		 = {russian},
  Owner                    = {Сергей},
  Timestamp                = {2015.05.27}
}

